<?xml version="1.0" encoding="UTF-8"?>
<collection xmlns="http://www.loc.gov/MARC21/slim">
  <record>
    <leader>02749nasZZ2200745ZaZ4500</leader>
    <controlfield tag="001">991036721651303811</controlfield>
    <controlfield tag="005">20170630002004.0</controlfield>
    <controlfield tag="006">m-----o--d--------</controlfield>
    <controlfield tag="007">cr-cn|||||||||</controlfield>
    <controlfield tag="008">960130c18579999nyukr-n-o-----0---a0eng-c</controlfield>
    <datafield tag="010" ind1=" " ind2=" ">
      <subfield code="a">sn#00061556</subfield>
      <subfield code="z">  2004233864</subfield>
    </datafield>
    <datafield tag="016" ind1="7" ind2=" ">
      <subfield code="a">9877126</subfield>
      <subfield code="2">DNLM</subfield>
    </datafield>
    <datafield tag="016" ind1="7" ind2=" ">
      <subfield code="a">9877126</subfield>
      <subfield code="2">DNLM</subfield>
    </datafield>
    <datafield tag="016" ind1="7" ind2=" ">
      <subfield code="a">9877126</subfield>
      <subfield code="2">DNLM</subfield>
    </datafield>
    <datafield tag="016" ind1="7" ind2=" ">
      <subfield code="a">9877126</subfield>
      <subfield code="2">DNLM</subfield>
    </datafield>
    <datafield tag="016" ind1="7" ind2=" ">
      <subfield code="a">9877126</subfield>
      <subfield code="2">DNLM</subfield>
    </datafield>
    <datafield tag="022" ind1=" " ind2=" ">
      <subfield code="a">0362-4331</subfield>
    </datafield>
    <datafield tag="022" ind1=" " ind2=" ">
      <subfield code="e">1553-8095</subfield>
    </datafield>
    <datafield tag="035" ind1=" " ind2=" ">
      <subfield code="a">(OCoLC)34107580</subfield>
    </datafield>
    <datafield tag="035" ind1=" " ind2=" ">
      <subfield code="a">(CKB)110975413976006</subfield>
    </datafield>
    <datafield tag="035" ind1=" " ind2=" ">
      <subfield code="a">(CONSER)sn-00061556-</subfield>
    </datafield>
    <datafield tag="035" ind1=" " ind2=" ">
      <subfield code="a">(EXLCZ)99110975413976006</subfield>
    </datafield>
    <datafield tag="042" ind1=" " ind2=" ">
      <subfield code="a">pcc</subfield>
      <subfield code="a">nsdp</subfield>
    </datafield>
    <datafield tag="043" ind1=" " ind2=" ">
      <subfield code="a">n-us-ny</subfield>
    </datafield>
    <datafield tag="050" ind1="1" ind2="0">
      <subfield code="a">ISSN RECORD</subfield>
    </datafield>
    <datafield tag="050" ind1="1" ind2="4">
      <subfield code="a">AP2</subfield>
      <subfield code="b">.N48</subfield>
    </datafield>
    <datafield tag="060" ind1="1" ind2="0">
      <subfield code="a">W1</subfield>
    </datafield>
    <datafield tag="210" ind1=" " ind2=" ">
      <subfield code="a">NEW YORK TIMES</subfield>
    </datafield>
    <datafield tag="210" ind1=" " ind2=" ">
      <subfield code="a">NEW YORK TIMES LATE EDITION (EAST COAST)</subfield>
    </datafield>
    <datafield tag="210" ind1=" " ind2=" ">
      <subfield code="a">NEW YORK TIMES, THE</subfield>
    </datafield>
    <datafield tag="210" ind1=" " ind2=" ">
      <subfield code="a">NEW YORK TIMES  LATE EDITION</subfield>
    </datafield>
    <datafield tag="210" ind1="0" ind2=" ">
      <subfield code="a">N.Y. times</subfield>
    </datafield>
    <datafield tag="210" ind1=" " ind2=" ">
      <subfield code="a">NEW YORK DAILY TIMES</subfield>
    </datafield>
    <datafield tag="210" ind1=" " ind2=" ">
      <subfield code="a">NY TIMES (PRINT)</subfield>
    </datafield>
    <datafield tag="210" ind1="1" ind2="0">
      <subfield code="a">N Y Times Web</subfield>
      <subfield code="2">dnlm</subfield>
    </datafield>
    <datafield tag="222" ind1=" " ind2="4">
      <subfield code="a">The New York times on the Web</subfield>
    </datafield>
    <datafield tag="245" ind1="0" ind2="4">
      <subfield code="a">The New York times on the Web.</subfield>
    </datafield>
    <datafield tag="246" ind1="1" ind2="3">
      <subfield code="i">Published jointly with other newspapers on Sept. 19-26, 1923 as:</subfield>
      <subfield code="a">Combined New York morning newspapers</subfield>
    </datafield>
    <datafield tag="246" ind1="1" ind2="3">
      <subfield code="i">Published jointly with other newspapers on Sept. 23, 1923 as:</subfield>
      <subfield code="a">Combined New York Sunday newspapers</subfield>
    </datafield>
    <datafield tag="246" ind1="1" ind2="3">
      <subfield code="a">The New York times</subfield>
    </datafield>
    <datafield tag="246" ind1="3" ind2="3">
      <subfield code="a">New York times.</subfield>
    </datafield>
    <datafield tag="246" ind1="1" ind2=" ">
      <subfield code="i">Issues for &lt;May 25, 2006&gt; have title:</subfield>
      <subfield code="a">New York times</subfield>
    </datafield>
    <datafield tag="260" ind1=" " ind2=" ">
      <subfield code="a">[New York, N.Y.] :</subfield>
      <subfield code="b">New York Times</subfield>
    </datafield>
    <datafield tag="310" ind1=" " ind2=" ">
      <subfield code="a">Continuously updated</subfield>
    </datafield>
    <datafield tag="336" ind1=" " ind2=" ">
      <subfield code="a">text</subfield>
      <subfield code="b">txt</subfield>
      <subfield code="2">rdacontent</subfield>
    </datafield>
    <datafield tag="337" ind1=" " ind2=" ">
      <subfield code="a">computer</subfield>
      <subfield code="b">c</subfield>
      <subfield code="2">rdamedia</subfield>
    </datafield>
    <datafield tag="338" ind1=" " ind2=" ">
      <subfield code="a">online resource</subfield>
      <subfield code="b">cr</subfield>
      <subfield code="2">rdacarrier</subfield>
    </datafield>
    <datafield tag="362" ind1="1" ind2=" ">
      <subfield code="a">Print began with vol. 6, no. 1868 (Sept. 14, 1857).</subfield>
    </datafield>
    <datafield tag="520" ind1=" " ind2=" ">
      <subfield code="a">Provides current articles, classifieds, and the crossword puzzle from the New York times, plus archives in a variety of categories. Fee for downloading full text files.</subfield>
    </datafield>
    <datafield tag="538" ind1=" " ind2=" ">
      <subfield code="a">Mode of access: World Wide Web.</subfield>
    </datafield>
    <datafield tag="588" ind1=" " ind2=" ">
      <subfield code="a">Description based on: Jan. 30, 1996; title from title screen.</subfield>
    </datafield>
    <datafield tag="588" ind1=" " ind2=" ">
      <subfield code="a">Latest issue consulted: (Dec. 31, 2009) (ProQuest website, viewed May 28, 2013).</subfield>
    </datafield>
    <datafield tag="630" ind1="0" ind2="6">
      <subfield code="a">New York Times</subfield>
      <subfield code="v">Index</subfield>
      <subfield code="v">Bases de données.</subfield>
    </datafield>
    <datafield tag="651" ind1=" " ind2="0">
      <subfield code="a">New York (N.Y.)</subfield>
      <subfield code="v">Newspapers.</subfield>
    </datafield>
    <datafield tag="650" ind1=" " ind2="6">
      <subfield code="a">Journaux américains</subfield>
      <subfield code="v">Index</subfield>
      <subfield code="v">Bases de données.</subfield>
    </datafield>
    <datafield tag="651" ind1=" " ind2="7">
      <subfield code="a">New York (State)</subfield>
      <subfield code="z">New York.</subfield>
      <subfield code="2">fast</subfield>
      <subfield code="0">(OCoLC)fst01204333</subfield>
    </datafield>
    <datafield tag="655" ind1=" " ind2="2">
      <subfield code="a">Periodicals.</subfield>
    </datafield>
    <datafield tag="655" ind1=" " ind2="7">
      <subfield code="a">Newspapers.</subfield>
      <subfield code="2">fast</subfield>
      <subfield code="0">(OCoLC)fst01423814</subfield>
    </datafield>
    <datafield tag="780" ind1="0" ind2="0">
      <subfield code="w">(CKB)3580000000000334</subfield>
    </datafield>
    <datafield tag="787" ind1="1" ind2=" ">
      <subfield code="w">(CKB)1000000000223513</subfield>
    </datafield>
    <datafield tag="770" ind1="0" ind2=" ">
      <subfield code="w">(CKB)954925428269</subfield>
    </datafield>
    <datafield tag="770" ind1="0" ind2=" ">
      <subfield code="w">(CKB)954927557508</subfield>
    </datafield>
    <datafield tag="775" ind1="0" ind2=" ">
      <subfield code="w">(CKB)991042742905830</subfield>
    </datafield>
    <datafield tag="780" ind1="0" ind2="0">
      <subfield code="t">New York daily times.</subfield>
    </datafield>
    <datafield tag="752" ind1=" " ind2=" ">
      <subfield code="a">United States</subfield>
      <subfield code="b">New York</subfield>
      <subfield code="c">New York</subfield>
      <subfield code="d">New York.</subfield>
    </datafield>
    <datafield tag="906" ind1=" " ind2=" ">
      <subfield code="a">NEWSPAPER</subfield>
    </datafield>
    <datafield tag="PRT" ind1=" " ind2=" ">
      <subfield code="a">53347200660003811</subfield>
      <subfield code="b">https://sandbox01-na.alma.exlibrisgroup.com/view/uresolver/01TULI_INST/openurl?u.ignore_date_coverage=true&amp;rft.mms_id=991036721651303811</subfield>
      <subfield code="e">Galegroup</subfield>
      <subfield code="g"> Available from 1985.</subfield>
      <subfield code="c">Gale Cengage GreenR</subfield>
      <subfield code="h">611000000000002607</subfield>
      <subfield code="8">53347200660003811</subfield>
    </datafield>
    <datafield tag="PRT" ind1=" " ind2=" ">
      <subfield code="a">53360346100003811</subfield>
      <subfield code="b">https://sandbox01-na.alma.exlibrisgroup.com/view/uresolver/01TULI_INST/openurl?u.ignore_date_coverage=true&amp;rft.mms_id=991036721651303811</subfield>
      <subfield code="e">Galegroup</subfield>
      <subfield code="g"> Available from 1985.</subfield>
      <subfield code="c">Gale Business Insights: Global</subfield>
      <subfield code="h">613640000000000036</subfield>
      <subfield code="8">53360346100003811</subfield>
    </datafield>
    <datafield tag="PRT" ind1=" " ind2=" ">
      <subfield code="a">53363619660003811</subfield>
      <subfield code="b">https://sandbox01-na.alma.exlibrisgroup.com/view/uresolver/01TULI_INST/openurl?u.ignore_date_coverage=true&amp;rft.mms_id=991036721651303811</subfield>
      <subfield code="e">ProQuest</subfield>
      <subfield code="g"> Available from 1857 until 1922.</subfield>
      <subfield code="c">ProQuest Historical Newspapers: The New York Times</subfield>
      <subfield code="h">614340000000000203</subfield>
      <subfield code="8">53363619660003811</subfield>
    </datafield>
    <datafield tag="PRT" ind1=" " ind2=" ">
      <subfield code="a">53347562250003811</subfield>
      <subfield code="b">https://sandbox01-na.alma.exlibrisgroup.com/view/uresolver/01TULI_INST/openurl?u.ignore_date_coverage=true&amp;rft.mms_id=991036721651303811</subfield>
      <subfield code="e">Galegroup</subfield>
      <subfield code="g"> Available from 1985.</subfield>
      <subfield code="c">Gale Opposing Viewpoints in Context</subfield>
      <subfield code="h">611000000000000491</subfield>
      <subfield code="8">53347562250003811</subfield>
    </datafield>
    <datafield tag="PRT" ind1=" " ind2=" ">
      <subfield code="a">53363605570003811</subfield>
      <subfield code="b">https://sandbox01-na.alma.exlibrisgroup.com/view/uresolver/01TULI_INST/openurl?u.ignore_date_coverage=true&amp;rft.mms_id=991036721651303811</subfield>
      <subfield code="e">ProQuest</subfield>
      <subfield code="g"> Available from 1923 until 2013.</subfield>
      <subfield code="c">ProQuest Historical Newspapers: The New York Times with Index</subfield>
      <subfield code="h">614340000000000190</subfield>
      <subfield code="8">53363605570003811</subfield>
    </datafield>
    <datafield tag="PRT" ind1=" " ind2=" ">
      <subfield code="a">53391580240003811</subfield>
      <subfield code="b">https://sandbox01-na.alma.exlibrisgroup.com/view/uresolver/01TULI_INST/openurl?u.ignore_date_coverage=true&amp;rft.mms_id=991036721651303811</subfield>
      <subfield code="e">ProQuest</subfield>
      <subfield code="g"> Available from 1980.</subfield>
      <subfield code="c">ProQuest Global Newsstream</subfield>
      <subfield code="h">614340000000000147</subfield>
      <subfield code="8">53391580240003811</subfield>
    </datafield>
    <datafield tag="PRT" ind1=" " ind2=" ">
      <subfield code="a">53345605890003811</subfield>
      <subfield code="b">https://sandbox01-na.alma.exlibrisgroup.com/view/uresolver/01TULI_INST/openurl?u.ignore_date_coverage=true&amp;rft.mms_id=991036721651303811</subfield>
      <subfield code="e">Lexis Nexis</subfield>
      <subfield code="g"> Available from 1980.</subfield>
      <subfield code="c">LexisNexis Academic</subfield>
      <subfield code="h">61110997450724000</subfield>
      <subfield code="8">53345605890003811</subfield>
    </datafield>
    <datafield tag="PRT" ind1=" " ind2=" ">
      <subfield code="a">53363619700003811</subfield>
      <subfield code="b">https://sandbox01-na.alma.exlibrisgroup.com/view/uresolver/01TULI_INST/openurl?u.ignore_date_coverage=true&amp;rft.mms_id=991036721651303811</subfield>
      <subfield code="e">ProQuest</subfield>
      <subfield code="g"> Available from 1923 until 2013.</subfield>
      <subfield code="c">ProQuest Historical Newspapers: The New York Times</subfield>
      <subfield code="h">614340000000000203</subfield>
      <subfield code="8">53363619700003811</subfield>
    </datafield>
    <datafield tag="PRT" ind1=" " ind2=" ">
      <subfield code="a">53347615690003811</subfield>
      <subfield code="b">https://sandbox01-na.alma.exlibrisgroup.com/view/uresolver/01TULI_INST/openurl?u.ignore_date_coverage=true&amp;rft.mms_id=991036721651303811</subfield>
      <subfield code="e">Galegroup</subfield>
      <subfield code="g"> Available from 1985.</subfield>
      <subfield code="c">Gale Cengage Academic OneFile</subfield>
      <subfield code="h">611000000000001464</subfield>
      <subfield code="8">53347615690003811</subfield>
    </datafield>
    <datafield tag="PRT" ind1=" " ind2=" ">
      <subfield code="a">53363605440003811</subfield>
      <subfield code="b">https://sandbox01-na.alma.exlibrisgroup.com/view/uresolver/01TULI_INST/openurl?u.ignore_date_coverage=true&amp;rft.mms_id=991036721651303811</subfield>
      <subfield code="e">ProQuest</subfield>
      <subfield code="g"> Available from 1857 until 1922.</subfield>
      <subfield code="c">ProQuest Historical Newspapers: The New York Times with Index</subfield>
      <subfield code="h">614340000000000190</subfield>
      <subfield code="8">53363605440003811</subfield>
    </datafield>
    <datafield tag="PRT" ind1=" " ind2=" ">
      <subfield code="a">53347559060003811</subfield>
      <subfield code="b">https://sandbox01-na.alma.exlibrisgroup.com/view/uresolver/01TULI_INST/openurl?u.ignore_date_coverage=true&amp;rft.mms_id=991036721651303811</subfield>
      <subfield code="e">Galegroup</subfield>
      <subfield code="g"> Available from 1985.</subfield>
      <subfield code="c">Gale Biography In Context</subfield>
      <subfield code="h">611000000000000487</subfield>
      <subfield code="8">53347559060003811</subfield>
    </datafield>
    <datafield tag="PRT" ind1=" " ind2=" ">
      <subfield code="a">53346761610003811</subfield>
      <subfield code="b">https://sandbox01-na.alma.exlibrisgroup.com/view/uresolver/01TULI_INST/openurl?u.ignore_date_coverage=true&amp;rft.mms_id=991036721651303811</subfield>
      <subfield code="e">Galegroup</subfield>
      <subfield code="g"> Available from 1985.</subfield>
      <subfield code="c">Gale Cengage General OneFile</subfield>
      <subfield code="h">61111021039760000</subfield>
      <subfield code="8">53346761610003811</subfield>
    </datafield>
  </record>
</collection>
